<?xml version="1.0" encoding="UTF-8"?><collection xmlns="http://www.loc.gov/MARC21/slim"><record><leader>00367nam--2200133-i-4500</leader><controlfield tag="001">000036939</controlfield><controlfield tag="002">20161230</controlfield><controlfield tag="005">20161230201041</controlfield><controlfield tag="008">060222s1000------------r-----000-0-eng-d</controlfield><datafield ind1=" " ind2=" " tag="080"><subfield code="a">614.8(061.3:083.7)</subfield></datafield><datafield ind1=" " ind2=" " tag="245"><subfield code="a">Population dose evaluation and standards for man and his environment</subfield></datafield><datafield ind1=" " ind2=" " tag="260"><subfield code="a">Vienna,Iaea.,1974. 646 P</subfield></datafield><datafield ind1=" " ind2=" " tag="490"><subfield code="a">Proceedings Series</subfield></datafield><datafield ind1=" " ind2=" " tag="852"><subfield code="a">42515</subfield></datafield></record></collection>